@online{autovit_statistics,
    author = "Dobreanu Ion",
    title = "Autovit: Peste 1,1 milioane de autovehicule au fost înmatriculate în România în 2023, cu 3\% mai mult decât în 2022",
    url = "https://www.economica.net/autovit-peste-11-milioane-de-autovehicule-au-fost-inmatriculate-in-romania-in-2024-cu-3-mai-mult-decat-in-2022_716682.html",
    journal = "Economica.net",
    year = "2024",
    month = jan,
    note = "Accesed: 08.05.2024"
}

@online{carVertical,
  author = {CarVertical},
  title = {Car and Motorcycle History Check},
  year = 2024,
  url = {https://www.carvertical.com/en},
  note = {Accessed: 2024-05-27}
}

@online{OLX,
  author = {OLX Romania},
  title = {Anunturi Gratuite - Peste 4 milioane anunturi},
  year = 2024,
  url = {https://www.olx.ro/},
  note = {Accessed: 2024-05-27}
}

@online{Autovit,
  author = {Autovit Romania},
  title = {Autovit - Anunturi Auto, Motociclete, Utilitare, Accesorii},
  year = 2024,
  url = {https://www.autovit.ro/},
  note = {Accessed: 2024-05-27}
}


@article{dutulescu2023car,
  title={Car Price Quotes Driven by Data - Comprehensive Predictions Grounded in Deep Learning Techniques},
  author={Dutulescu, Andreea and Catruna, Andy and Ruseti, Stefan and Iorga, Denis and Ghita, Vladimir and Neagu, Laurentiu-Marian and Dascalu, Mihai},
  journal={Electronics},
  volume={12},
  number={14},
  pages={3083},
  year={2023},
  publisher={MDPI},
  issn={2079-9292},
  url={https://www.mdpi.com/2079-9292/12/14/3083}
}

@article{granular,
  author = {Svenja Bergmann and Stefan Feuerriegel},
  title = {Machine Learning for Predicting Used Car Resale Prices Using Granular Vehicle Equipment Information},
  year = {2024},
  note = {Available at SSRN: \url{https://ssrn.com/abstract=4643744} or \url{http://dx.doi.org/10.2139/ssrn.4643744}}
}

@mastersthesis{czech,
  author       = {Jan ŽIAČIK},
  title        = {Determinants of Used Car Prices},
  school       = {Charles University, Faculty of Social Sciences, Institute of Economic Studies},
  year         = {2023},
  type         = {Diploma thesis},
  address      = {Prague},
  note         = {Supervisor: Jozef Baruník}
}


@article{su2023multi,
    author={Su,Hanqi and Song,Binyang and Ahmed,Faez},
    title     = {Multi-modal Machine Learning for Vehicle Rating Predictions Using Image, Text, and Parametric Data},
      journal   = {ArXiv},
      year      = {2023},
      url       = {https://doi.org/10.1115/DETC2023-115076}
}


@online{kaggle,
  author       = {Kaggle},
  title        = {Kaggle: Your Home for Data Science},
  year         = 2024,
  url          = {https://www.kaggle.com/},
  note         = {Accessed: 2024-05-27}
}

@online{bs4,
  author       = {Leonard Richardson},
  title        = {Beautiful Soup Documentation},
  year         = 2024,
  url          = {https://www.crummy.com/software/BeautifulSoup/bs4/},
  note         = {Accessed: 2024-05-27}
}

@online{lxml,
  author       = {lxml Developers},
  title        = {lxml - XML and HTML with Python},
  year         = 2024,
  url          = {https://lxml.de/},
  note         = {Accessed: 2024-05-27}
}

@online{AutovitTerms,
  author       = {Autovit Romania},
  title        = {Termeni și Condiții Business},
  year         = 2024,
  url          = {https://www.autovit.ro/carta/termeni-si-conditii/business/},
  note         = {Accessed: 2024-05-27}
}

@online{pandas,
  author       = {The pandas development team},
  title        = {pandas: Python Data Analysis Library},
  year         = 2024,
  url          = {https://pandas.pydata.org/},
  note         = {Accessed: 2024-05-27}
}

@online{langdetect,
  author       = {Mimino666},
  title        = {langdetect: A language detection library ported from Google's language-detection library},
  year         = 2024,
  url          = {https://pypi.org/project/langdetect/},
  note         = {Accessed: 2024-05-27}
}

@online{emoji,
  author       = {carpedm20},
  title        = {emoji: A Python library for handling emojis},
  year         = 2024,
  url          = {https://carpedm20.github.io/emoji/docs/},
  note         = {Accessed: 2024-05-27}
}

@article{scikit-learn,
  title={Scikit-learn: Machine Learning in {P}ython},
  author={Pedregosa, F. and Varoquaux, G. and Gramfort, A. and Michel, V.
          and Thirion, B. and Grisel, O. and Blondel, M. and Prettenhofer, P.
          and Weiss, R. and Dubourg, V. and Vanderplas, J. and Passos, A. and
          Cournapeau, D. and Brucher, M. and Perrot, M. and Duchesnay, E.},
  journal={Journal of Machine Learning Research},
  volume={12},
  pages={2825--2830},
  year={2011}
}

@manual{pickle,
  title={Python Pickle Module},
  author={Python Software Foundation},
  note={{Python Software Foundation. Python Language Reference, version 3.9. Available at https://docs.python.org/3/library/pickle.html}},
  year={2021}
}

@article{adam,
  author    = {D. P. Kingma and J. Ba},
  title     = {Adam: A Method for Stochastic Optimization},
  journal   = {ArXiv},
  year      = {2014},
  url       = {https://arxiv.org/abs/1412.6980}
}

@inproceedings{dumitrescu-etal-2020-birth,
    title = "The birth of {R}omanian {BERT}",
    author = "Dumitrescu, Stefan  and Avram, Andrei-Marius  and Pyysalo, Sampo",
    booktitle = "Findings of the Association for Computational Linguistics: EMNLP 2020",
    month = nov,
    year = "2020",
    address = "Online",
    publisher = "Association for Computational Linguistics",
    url = "https://aclanthology.org/2020.findings-emnlp.387",
    doi = "10.18653/v1/2020.findings-emnlp.387",
    pages = "4324--4328",
}

@inproceedings{fastvit,
  author = {Pavan Kumar Anasosalu Vasu and James Gabriel and Jeff Zhu and Oncel Tuzel and Anurag Ranjan},
  title = {FastViT:  A Fast Hybrid Vision Transformer using Structural Reparameterization},
  booktitle={Proceedings of the IEEE/CVF International Conference on Computer Vision},
  year = {2023}
}

@incollection{pytorch,
title = {PyTorch: An Imperative Style, High-Performance Deep Learning Library},
author = {Paszke, Adam and Gross, Sam and Massa, Francisco and Lerer, Adam and Bradbury, James and Chanan, Gregory and Killeen, Trevor and Lin, Zeming and Gimelshein, Natalia and Antiga, Luca and Desmaison, Alban and Kopf, Andreas and Yang, Edward and DeVito, Zachary and Raison, Martin and Tejani, Alykhan and Chilamkurthy, Sasank and Steiner, Benoit and Fang, Lu and Bai, Junjie and Chintala, Soumith},
booktitle = {Advances in Neural Information Processing Systems 32},
pages = {8024--8035},
year = {2019},
publisher = {Curran Associates, Inc.},
url = {http://papers.neurips.cc/paper/9015-pytorch-an-imperative-style-high-performance-deep-learning-library.pdf}
}

@misc{tensorflow,
title={ {TensorFlow}: Large-Scale Machine Learning on Heterogeneous Systems},
url={https://www.tensorflow.org/},
note={Software available from tensorflow.org},
author={
    Mart\'{i}n~Abadi and
    Ashish~Agarwal and
    Paul~Barham and
    Eugene~Brevdo and
    Zhifeng~Chen and
    Craig~Citro and
    Greg~S.~Corrado and
    Andy~Davis and
    Jeffrey~Dean and
    Matthieu~Devin and
    Sanjay~Ghemawat and
    Ian~Goodfellow and
    Andrew~Harp and
    Geoffrey~Irving and
    Michael~Isard and
    Yangqing Jia and
    Rafal~Jozefowicz and
    Lukasz~Kaiser and
    Manjunath~Kudlur and
    Josh~Levenberg and
    Dandelion~Man\'{e} and
    Rajat~Monga and
    Sherry~Moore and
    Derek~Murray and
    Chris~Olah and
    Mike~Schuster and
    Jonathon~Shlens and
    Benoit~Steiner and
    Ilya~Sutskever and
    Kunal~Talwar and
    Paul~Tucker and
    Vincent~Vanhoucke and
    Vijay~Vasudevan and
    Fernanda~Vi\'{e}gas and
    Oriol~Vinyals and
    Pete~Warden and
    Martin~Wattenberg and
    Martin~Wicke and
    Yuan~Yu and
    Xiaoqiang~Zheng},
  year={2015},
}

@inproceedings{attention,
  title        = {Attention Is All You Need},
  author       = {Vaswani, Ashish and Shazeer, Noam and Parmar, Niki and Uszkoreit, Jakob and Jones, Llion and Gomez, Aidan N and Kaiser, Łukasz and Polosukhin, Illia},
  booktitle    = {Advances in Neural Information Processing Systems},
  year         = 2017,
  pages        = {5998--6008},
  url          = {https://arxiv.org/abs/1706.03762}
}

@inproceedings{bert,
  title        = {BERT: Pre-training of Deep Bidirectional Transformers for Language Understanding},
  author       = {Devlin, Jacob and Chang, Ming-Wei and Lee, Kenton and Toutanova, Kristina},
  booktitle    = {Proceedings of the 2019 Conference of the North American Chapter of the Association for Computational Linguistics: Human Language Technologies, Volume 1 (Long and Short Papers)},
  year         = 2019,
  pages        = {4171--4186},
  url          = {https://arxiv.org/abs/1810.04805}
}

@online{swagger,
  title = {Swagger: The World's Most Popular Framework for APIs},
  url = {https://swagger.io},
  year = {2015},
  note = {Accessed: 2024-05-31}
}

@online{openapi,
  title = {OpenAPI Specification},
  url = {https://www.openapis.org},
  year = {2017},
  note = {Accessed: 2024-05-31}
}

@online{fastapi,
  author = {Sebastián Ramírez},
  title = {FastAPI},
  url = {https://fastapi.tiangolo.com},
  year = {2018},
  note = {Accessed: 2024-05-31}
}

@online{sqlalchemy,
  author = {Mike Bayer},
  title = {SQLAlchemy: The Python SQL Toolkit and Object Relational Mapper},
  url = {https://www.sqlalchemy.org},
  year = {2005},
  note = {Accessed: 2024-05-31}
}

@online{alembic,
  author = {Mike Bayer},
  title = {Alembic: A database migrations tool for SQLAlchemy},
  url = {https://alembic.sqlalchemy.org},
  year = {2011},
  note = {Accessed: 2024-05-31}
}

@article{docker,
  title={Docker: lightweight linux containers for consistent development and deployment},
  author={Merkel, Dirk},
  journal={Linux journal},
  volume={2014},
  number={239},
  pages={2},
  year={2014}
}

@online{github_actions,
  title = {GitHub Actions: Automate your workflow from idea to production},
  url = {https://github.com/features/actions},
  year = {2019},
  note = {Accessed: 2024-05-31}
}

@online{render,
  title = {Render: The Easiest Cloud for All Your Apps and Websites},
  url = {https://render.com},
  year = {2018},
  note = {Accessed: 2024-05-31}
}

@online{vercel,
  author = {Guillermo Rauch},
  title = {Vercel: Develop. Preview. Ship. For the best frontend teams.},
  url = {https://vercel.com},
  year = {2015},
  note = {Accessed: 2024-05-31}
}

@online{nextjs,
  author = {Vercel},
  title = {Next.js: The React Framework for Production},
  url = {https://nextjs.org},
  year = {2016},
  note = {Accessed: 2024-05-31}
}

@online{react_query,
  author = {Tanner Linsley},
  title = {React Query: Hooks for fetching, caching and updating asynchronous data in React},
  url = {https://tanstack.com/query/v4},
  year = {2019},
  note = {Accessed: 2024-05-31}
}

@online{shadcn,
  title = {shadcn: Beautifully designed components built with Radix UI and Tailwind CSS.},
  url = {https://shadcn.dev},
  year = {2022},
  note = {Accessed: 2024-05-31}
}

@misc{pydantic,
  author = {Samuel Colvin},
  title = {Pydantic: Data validation and settings management using Python type annotations},
  url = {https://pydantic-docs.helpmanual.io},
  year = {2018},
  note = {Accessed: 2024-05-31}
}

@book{clean_code,
  author    = {Robert C. Martin},
  title     = {Clean Code: A Handbook of Agile Software Craftsmanship},
  year      = {2008},
  publisher = {Prentice Hall},
  address   = {Upper Saddle River, NJ, USA},
  isbn      = {978-0132350884}
}

@online{pytest,
  author = {Krekel, Holger and Oliveira, Bruno and Pfannschmidt, Ronny and Bruynooghe, Floris and Laugher, Brianna and Bruhin, Florian},
  title = {pytest: A testing framework for Python},
  url = {https://docs.pytest.org},
  year = {2004},
  note = {Accessed: 2024-05-31}
}

@online{pytest_asyncio,
  author = {pytest-dev},
  title = {pytest-asyncio: Asyncio support for pytest},
  url = {https://github.com/pytest-dev/pytest-asyncio},
  year = {2015},
  note = {Accessed: 2024-05-31}
}

@online{poethepoet,
  author = {Preston Docks},
  title = {poethepoet: A task runner that works well with poetry},
  url = {https://github.com/nat-n/poethepoet},
  year = {2020},
  note = {Accessed: 2024-05-31}
}


@software{poetry,
  author       = {Sébastien Eustace and The Poetry contributors},
  title        = {Poetry: Python packaging and dependency management made easy},
  abstract     = {Poetry helps you declare, manage and install dependencies of Python projects, ensuring you have the right stack everywhere. Poetry replaces setup.py, requirements.txt, setup.cfg, MANIFEST.in and Pipfile with a simple pyproject.toml based project format.},
  url          = {https://python-poetry.org},
  license      = {MIT},
  licenseurl   = {https://github.com/python-poetry/poetry/blob/master/LICENSE},
  year         = {2024},
  keywords     = {python, packaging, dependency management},
  note         = {If you use this software, please cite it using the metadata from this file.},
  repository   = {https://github.com/python-poetry/poetry}
}

@online{stripe_api,
  author = {Stripe, Inc.},
  title = {Stripe API: Payment processing for internet businesses},
  url = {https://stripe.com/docs/api},
  year = {2011},
  note = {Accessed: 2024-05-31}
}

@online{amazon_s3,
  author = {Amazon Web Services, Inc.},
  title = {Amazon S3: Scalable Storage in the Cloud},
  url = {https://aws.amazon.com/s3},
  year = {2006},
  note = {Accessed: 2024-05-31}
}

@online{postgresql,
  author = {PostgreSQL Global Development Group},
  title = {PostgreSQL: The world's most advanced open source database},
  url = {https://www.postgresql.org},
  year = {1989},
  note = {Accessed: 2024-05-31}
}

@online{tailwind_css,
  author = {Adam Wathan and Jonathan Reinink and David Hemphill and Steve Schoger},
  title = {Tailwind CSS: A utility-first CSS framework for rapid UI development},
  url = {https://tailwindcss.com},
  year = {2017},
  note = {Accessed: 2024-05-31}
}
